% 3 authors remarked by Andrei: SANDA HARABAGIN, DAN MOLDOVAN and FERRET GRAU

% Popescu-belis Andrei

@article{popescubelis:tbe,
  title={{Task-based evaluation of meeting browsers: from task elicitation to user behavior analysis}},
  author={Popescu-Belis, A. and Flynn, M. and Wellner, P. and Baudrion, P.}
}

% Ranking function 
@article{wiki_rankingfunction,
  title={{Ranking Function}},
  author={http://en.wikipedia.org/wiki/Ranking_function}
}


@article{popescubelis:tam,
  title={{TQB: Accessing Multimodal Data Using a Transcript-based Queryand Browsing Interface}},
  author={Popescu-Belis, A. and Georgescul, M.}
}

@article{popescubelis2008tot,
  title={{Towards an Objective Test for Meeting Browsers: The BET4TQB Pilot Experiment}},
  author={Popescu-Belis, A. and Baudrion, P. and Flynn, M. and Wellner, P.},
  journal={LECTURE NOTES IN COMPUTER SCIENCE},
  volume={4892},
  pages={108},
  year={2008},
  publisher={Springer}
}

% MEETING BROWSER

@conference{BET,
  title={{A meeting browser evaluation test}},
  author={Wellner, P. and Flynn, M. and Tucker, S. and Whittaker, S.},
  booktitle={Conference on Human Factors in Computing Systems},
  pages={2021--2024},
  year={2005},
  organization={ACM New York, NY, USA}
}

% Existing algorithms

@conference{tellex2003qep,
  title={{Quantitative evaluation of passage retrieval algorithms for question answering}},
  author={Tellex, S. and Katz, B. and Lin, J. and Fernandes, A. and Marton, G.},
  booktitle={Proceedings of the 26th annual international ACM SIGIR conference on Research and development in informaion retrieval},
  pages={41--47},
  year={2003},
  organization={ACM New York, NY, USA}
}

% MITRE as the simplest algorithm for passage retrieval

@article{light2002aec,
  title={{Analyses for elucidating current question answering technology}},
  author={LIGHT, M. and MANN, G.S. and RILOFF, E. and BRECK, E.},
  journal={Natural Language Engineering},
  volume={7},
  number={04},
  pages={325--342},
  year={2002},
  publisher={Cambridge Univ Press}
}

% Bag-of-words
@conference{hirschman1999drr,
  title={{Deep Read: a reading comprehension system}},
  author={Hirschman, L. and Light, M. and Breck, E. and Burger, J.D.},
  booktitle={Proceedings of the 37th annual meeting of the Association for Computational Linguistics on Computational Linguistics},
  pages={325--332},
  year={1999},
  organization={Association for Computational Linguistics Morristown, NJ, USA}
}

% Dependency relations

@conference{cui2005qap,
  title={{Question answering passage retrieval using dependency relations}},
  author={Cui, H. and Sun, R. and Li, K. and Kan, M.Y. and Chua, T.S.},
  booktitle={Proceedings of the 28th annual international ACM SIGIR conference on Research and development in information retrieval},
  pages={400--407},
  year={2005},
  organization={ACM New York, NY, USA}
}

% Compare N-gram & keywords based

@article{buscaldi2007ngv,
  title={{N-Gram vs. Keyword-Based Passage Retrieval for Question Answering}},
  author={Buscaldi, D. and Gomez, J.M. and Rosso, P. and Sanchis, E.},
  journal={LECTURE NOTES IN COMPUTER SCIENCE},
  volume={4730},
  pages={377},
  year={2007},
  publisher={Springer}
}

% Cross-validation

@conference{kohavi1995scv,
  title={{A Study of Cross-Validation and Bootstrap for Accuracy Estimation and Model Selection}},
  author={Kohavi, R.},
  booktitle={INTERNATIONAL JOINT CONFERENCE ON ARTIFICIAL INTELLIGENCE},
  volume={14},
  pages={1137--1145},
  year={1995},
  organization={LAWRENCE ERLBAUM ASSOCIATES LTD}
}

% Define a passage
@article{kaszkiel2001era,
  title={{Effective ranking with arbitrary passages}},
  author={Kaszkiel, M. and Zobel, J.},
  journal={Journal of the American Society for Information Science and Technology},
  volume={52},
  number={4},
  pages={344--364},
  year={2001}
}

% WORDNET

@conference{pasca2001irw,
  title={{The informative role of WordNet in Open-Domain Question Answering}},
  author={Pasca, M. and Harabagiu, S.},
  booktitle={Proceedings of NAACL-01 Workshop on WordNet and Other Lexical Resources},
  pages={138--143},
  year={2001}
}

% STEMMER

@misc{porter2001ss,
  title={{Snowball Stemmer}},
  author={Porter, MF},
  year={2001}
}

% Part of speech QTAG

@article{mason2003qpp,
  title={{Qtag--a portable POS tagger}},
  author={Mason, O.},
  journal={obtained from http://web. bham. ac. uk/o. mason/software/tagger/index. html, March},
  year={2003}
}